%%% ADReSS-M Challenge %%%

@misc{bib:LuzHaiderEtAl23maldr,
	author = {Luz, Saturnino and Haider, Fasih and Fromm, Davida and Lazarou, Ioulietta and Kompatsiaris, Ioannis and MacWhinney, Brian},
	copyright = {arXiv.org perpetual, non-exclusive license},
	doi = {10.48550/ARXIV.2301.05562},
	keywords = {Audio and Speech Processing (eess.AS), Artificial Intelligence (cs.AI), Computation and Language (cs.CL), Machine Learning (cs.LG), FOS: Electrical engineering, electronic engineering, information engineering, FOS: Electrical engineering, electronic engineering, information engineering, FOS: Computer and information sciences, FOS: Computer and information sciences, J.3; I.2.6; I.5.1, 68T10 (Primary) 92C55 (Secondary)},
	publisher = {arXiv},
	title = {Multilingual Alzheimer's Dementia Recognition through Spontaneous Speech: a Signal Processing Grand Challenge},
	url = {https://arxiv.org/abs/2301.05562},
	year = {2023}}

@article{Jin2023CONSENCA,
	author = {Longbin Jin and Yealim Oh and Hyunseo Ariel Kim and Hyuntae Jung and Hyo Jin Jon and Jung Eun Shin and Eun Yi Kim},
	journal = {ICASSP 2023 - 2023 IEEE International Conference on Acoustics, Speech and Signal Processing (ICASSP)},
	title = {CONSEN: Complementary and Simultaneous Ensemble for Alzheimer's Disease Detection and MMSE Score Prediction},
	url = {https://api.semanticscholar.org/CorpusID:258533114},
	year = {2023}}

@article{Tamm2023CrossLingualTL,
	author = {Bastiaan Tamm and Rik Vandenberghe and Hugo Van hamme},
	journal = {ArXiv},
	title = {Cross-Lingual Transfer Learning for Alzheimer's Detection From Spontaneous Speech},
	url = {https://api.semanticscholar.org/CorpusID:257365893},
	volume = {abs/2303.03049},
	year = {2023}}

@article{Mei2023TheUS,
	author = {Kangdi Mei and Xinyun Ding and Yinlong Liu and Zhiqiang Guo and Feiyang Xu and Xin Li and Tuya Naren and Jiahong Yuan and Zhenhua Ling},
	journal = {ICASSP 2023 - 2023 IEEE International Conference on Acoustics, Speech and Signal Processing (ICASSP)},
	title = {The Ustc System for Adress-m Challenge},
	url = {https://api.semanticscholar.org/CorpusID:258534121},
	year = {2023}}

@article{Shah2023ExploringLS,
	author = {Zehra Shah and Shiguang Qi and Fei Wang and Mahtab Farrokh and Mashrura Tasnim and Eleni Stroulia and Russell Greiner and Manos Plitsis and Athanasios Katsamanis},
	journal = {ICASSP 2023 - 2023 IEEE International Conference on Acoustics, Speech and Signal Processing (ICASSP)},
	title = {Exploring Language-Agnostic Speech Representations Using Domain Knowledge for Detecting Alzheimer's Dementia},
	url = {https://api.semanticscholar.org/CorpusID:258545846},
	year = {2023}}

@article{Chen2023CrosslingualAD,
	author = {Xuchu Chen and Yujiang Pu and Jinpeng Li and Weiqiang Zhang},
	journal = {ArXiv},
	title = {Cross-lingual Alzheimer's Disease detection based on paralinguistic and pre-trained features},
	url = {https://api.semanticscholar.org/CorpusID:257505082},
	volume = {abs/2303.07650},
	year = {2023}}
