@article{MMSE,
title = {“Mini-mental state”: A practical method for grading the cognitive state of patients for the clinician},
journal = {Journal of Psychiatric Research},
volume = {12},
number = {3},
pages = {189-198},
year = {1975},
issn = {0022-3956},
doi = {https://doi.org/10.1016/0022-3956(75)90026-6},
url = {https://www.sciencedirect.com/science/article/pii/0022395675900266},
author = {Marshal F. Folstein and Susan E. Folstein and Paul R. McHugh}
}

@misc{weiss2012dementiabank,
  title={Development of DementiaBank: Language usage in dementia},
  author={Weiss, J and Bourgeois, M},
  howpublished={Poster presented at the American Speech-Language-Hearing Association convention},
  month={November},
  year={2012},
  address={Atlanta, GA}
}

@article{BADE,
author = {Joan C. Borod, Harold Goodglass and Edith Kaplan},
title = {Normative data on the boston diagnostic aphasia examination, parietal lobe battery, and the boston naming Test},
journal = {Journal of Clinical Neuropsychology},
volume = {2},
number = {3},
pages = {209-215},
year = {1980},
publisher = {Routledge},
doi = {10.1080/01688638008403793},
URL = {https://doi.org/10.1080/01688638008403793},
eprint = {https://doi.org/10.1080/01688638008403793}
}

%%% ADReSSo Challenge %%%

@inproceedings{luz21_interspeech,
  author={Saturnino Luz and Fasih Haider and Sofia de la Fuente and Davida Fromm and Brian MacWhinney},
  title={{Detecting Cognitive Decline Using Speech Only: The ADReSSo Challenge}},
  year=2021,
  booktitle={Proc. Interspeech 2021},
  pages={3780--3784},
  doi={10.21437/Interspeech.2021-1220},
  url = {https://doi.org/10.21437/Interspeech.2021-1220}
}

@inproceedings{pereztoro21_interspeech,
  author={P.A. Pérez-Toro and S.P. Bayerl and T. Arias-Vergara and J.C. Vásquez-Correa and P. Klumpp and M. Schuster and Elmar Nöth and J.R. Orozco-Arroyave and K. Riedhammer},
  title={{Influence of the Interviewer on the Automatic Assessment of Alzheimer’s Disease in the Context of the ADReSSo Challenge}},
  year=2021,
  booktitle={Proc. Interspeech 2021},
  pages={3785--3789},
  doi={10.21437/Interspeech.2021-1589},
  url = {https://doi.org/10.21437/Interspeech.2021-1589}
}

@inproceedings{zhu21e_interspeech,
  author={Youxiang Zhu and Abdelrahman Obyat and Xiaohui Liang and John A. Batsis and Robert M. Roth},
  title={{WavBERT: Exploiting Semantic and Non-Semantic Speech Using Wav2vec and BERT for Dementia Detection}},
  year=2021,
  booktitle={Proc. Interspeech 2021},
  pages={3790--3794},
  doi={10.21437/Interspeech.2021-332},
  url = {https://doi.org/10.21437/Interspeech.2021-332}
}

@inproceedings{gauder21_interspeech,
  author={Lara Gauder and Leonardo Pepino and Luciana Ferrer and Pablo Riera},
  title={{Alzheimer Disease Recognition Using Speech-Based Embeddings From Pre-Trained Models}},
  year=2021,
  booktitle={Proc. Interspeech 2021},
  pages={3795--3799},
  doi={10.21437/Interspeech.2021-753},
  url = {https://doi.org/10.21437/Interspeech.2021-753}
}

@inproceedings{balagopalan21_interspeech,
  author={Aparna Balagopalan and Jekaterina Novikova},
  title={{Comparing Acoustic-Based Approaches for Alzheimer’s Disease Detection}},
  year=2021,
  booktitle={Proc. Interspeech 2021},
  pages={3800--3804},
  doi={10.21437/Interspeech.2021-759},
  url = {https://doi.org/10.21437/Interspeech.2021-759}
}

@inproceedings{qiao21_interspeech,
  author={Yu Qiao and Xuefeng Yin and Daniel Wiechmann and Elma Kerz},
  title={{Alzheimer’s Disease Detection from Spontaneous Speech Through Combining Linguistic Complexity and (Dis)Fluency Features with Pretrained Language Models}},
  year=2021,
  booktitle={Proc. Interspeech 2021},
  pages={3805--3809},
  doi={10.21437/Interspeech.2021-1415},
  url = {https://doi.org/10.21437/Interspeech.2021-1415}
}

@inproceedings{pan21c_interspeech,
  author={Yilin Pan and Bahman Mirheidari and Jennifer M. Harris and Jennifer C. Thompson and Matthew Jones and Julie S. Snowden and Daniel Blackburn and Heidi Christensen},
  title={{Using the Outputs of Different Automatic Speech Recognition Paradigms for Acoustic- and BERT-Based Alzheimer’s Dementia Detection Through Spontaneous Speech}},
  year=2021,
  booktitle={Proc. Interspeech 2021},
  pages={3810--3814},
  doi={10.21437/Interspeech.2021-1519},
  url = {https://doi.org/10.21437/Interspeech.2021-1519}
}

@inproceedings{syed21_interspeech,
  author={Zafi Sherhan Syed and Muhammad Shehram Shah Syed and Margaret Lech and Elena Pirogova},
  title={{Tackling the ADRESSO Challenge 2021: The MUET-RMIT System for Alzheimer’s Dementia Recognition from Spontaneous Speech}},
  year=2021,
  booktitle={Proc. Interspeech 2021},
  pages={3815--3819},
  doi={10.21437/Interspeech.2021-1572},
  url = {https://doi.org/10.21437/Interspeech.2021-1572}
}

@inproceedings{rohanian21_interspeech,
  author={Morteza Rohanian and Julian Hough and Matthew Purver},
  title={{Alzheimer’s Dementia Recognition Using Acoustic, Lexical, Disfluency and Speech Pause Features Robust to Noisy Inputs}},
  year=2021,
  booktitle={Proc. Interspeech 2021},
  pages={3820--3824},
  doi={10.21437/Interspeech.2021-1633},
  url = {https://doi.org/10.21437/Interspeech.2021-1633}
}

@inproceedings{pappagari21_interspeech,
  author={Raghavendra Pappagari and Jaejin Cho and Sonal Joshi and Laureano Moro-Velázquez and Piotr Żelasko and Jesús Villalba and Najim Dehak},
  title={{Automatic Detection and Assessment of Alzheimer Disease Using Speech and Language Technologies in Low-Resource Scenarios}},
  year=2021,
  booktitle={Proc. Interspeech 2021},
  pages={3825--3829},
  doi={10.21437/Interspeech.2021-1850},
  url = {https://doi.org/10.21437/Interspeech.2021-1850}
}

@inproceedings{chen21r_interspeech,
  author={Jun Chen and Jieping Ye and Fengyi Tang and Jiayu Zhou},
  title={{Automatic Detection of Alzheimer’s Disease Using Spontaneous Speech Only}},
  year=2021,
  booktitle={Proc. Interspeech 2021},
  pages={3830--3834},
  doi={10.21437/Interspeech.2021-2002},
  url = {https://doi.org/10.21437/Interspeech.2021-2002}
}

@inproceedings{wang21ca_interspeech,
  author={Ning Wang and Yupeng Cao and Shuai Hao and Zongru Shao and K.P. Subbalakshmi},
  title={{Modular Multi-Modal Attention Network for Alzheimer’s Disease Detection Using Patient Audio and Language Data}},
  year=2021,
  booktitle={Proc. Interspeech 2021},
  pages={3835--3839},
  doi={10.21437/Interspeech.2021-2024},
  url = {https://doi.org/10.21437/Interspeech.2021-2024}
}
