@article{GOSZTOLYA2019181,
	author = {G{\'a}bor Gosztolya and Veronika Vincze and L{\'a}szl{\'o} T{\'o}th and Magdolna P{\'a}k{\'a}ski and J{\'a}nos K{\'a}lm{\'a}n and Ildik{\'o} Hoffmann},
	doi = {https://doi.org/10.1016/j.csl.2018.07.007},
	issn = {0885-2308},
	journal = {Computer Speech \& Language},
	keywords = {Mild cognitive impairment, Alzheimer's disease, Automatic screening, Automatic speech recognition, Natural language processing, Classifier combination},
	pages = {181-197},
	title = {Identifying Mild Cognitive Impairment and mild Alzheimer's disease based on spontaneous speech using ASR and linguistic features},
	url = {https://www.sciencedirect.com/science/article/pii/S088523081730342X},
	volume = {53},
	year = {2019}}

@inproceedings{wang22k_interspeech,
	author = {Tianzi Wang and Jiajun DENG and Mengzhe Geng and Zi Ye and Shoukang Hu and Yi Wang and Mingyu Cui and Zengrui Jin and Xunying Liu and Helen Meng},
	booktitle = {Proc. Interspeech 2022},
	doi = {10.21437/Interspeech.2022-712},
	pages = {4825--4829},
	title = {{Conformer Based Elderly Speech Recognition System for Alzheimer's Disease Detection}},
	url = {https://www.isca-speech.org/archive/interspeech_2022/wang22k_interspeech.html},
	year = 2022}

@inproceedings{9747856,
	author = {Gui, Jiancheng and Li, Yikai and Chen, Kai and Siebert, Joanna and Chen, Qingcai},
	booktitle = {ICASSP 2022 - 2022 IEEE International Conference on Acoustics, Speech and Signal Processing (ICASSP)},
	doi = {10.1109/ICASSP43922.2022.9747856},
	pages = {8562-8566},
	title = {End-to-End ASR-Enhanced Neural Network for Alzheimer's Disease Diagnosis},
	url = {https://ieeexplore.ieee.org/document/9747856},
	year = {2022}}

@inproceedings{10095140,
	author = {Ke, Xiaoquan and Mak, Man-Wai and Meng, Helen M.},
	booktitle = {ICASSP 2023 - 2023 IEEE International Conference on Acoustics, Speech and Signal Processing (ICASSP)},
	doi = {10.1109/ICASSP49357.2023.10095140},
	pages = {1-5},
	title = {Feature Selection and Text Embedding for Detecting Dementia from Spontaneous Cantonese},
	url = {https://ieeexplore.ieee.org/document/10095140},
	year = {2023}}

@inproceedings{10097275,
	author = {Hu, Shujie and Xie, Xurong and Jin, Zengrui and Geng, Mengzhe and Wang, Yi and Cui, Mingyu and Deng, Jiajun and Liu, Xunying and Meng, Helen},
	booktitle = {ICASSP 2023 - 2023 IEEE International Conference on Acoustics, Speech and Signal Processing (ICASSP)},
	doi = {10.1109/ICASSP49357.2023.10097275},
	pages = {1-5},
	title = {Exploring Self-Supervised Pre-Trained ASR Models for Dysarthric and Elderly Speech Recognition},
	url = {https://ieeexplore.ieee.org/document/10097275},
	year = {2023}}
